@article{barwise1993language,
  title={The Language of First-Order Logic Including the Macintosh Version of Tarski's World 4.0},
  author={Barwise, Jon and Etchemendy, John},
  year={1993}
}

@misc{gowers2008easy,
  title = {Why easy analysis problems are easy},
  howpublished = {https://www.dpmms.cam.ac.uk/~wtg10/autoanalysis.html}
  note = {Accessed: 2016-01-29}
}

@book{adams2010calculus,
  title={Calculus: A Complete Course, 7th Edition},
  author={Adams, R.A. and Essex, C.},
  year={2010},
  publisher={Pearson Canada}
}

@book{fowler2010domain,
  title={Domain-specific languages},
  author={Fowler, Martin},
  year={2010},
  publisher={Pearson Education}
}

@book{levine1992lex,
  title={Lex \& yacc},
  author={Levine, John R and Mason, Tony and Brown, Doug},
  year={1992},
  publisher={"O'Reilly Media, Inc."}
}

