@article{barwise1993language,
  title={The Language of First-Order Logic Including the Macintosh Version of Tarski's World 4.0},
  author={Barwise, Jon and Etchemendy, John},
  year={1993}
}

@misc{gowers2008easy,
  title = {Why easy analysis problems are easy},
  howpublished = {https://www.dpmms.cam.ac.uk/~wtg10/autoanalysis.html},
  year={2008},
  note = {Accessed: 2016-01-29}
}

@book{adams2010calculus,
  title={Calculus: A Complete Course, 7th Edition},
  author={Adams, R.A. and Essex, C.},
  year={2010},
  publisher={Pearson Canada}
}

@book{landau1934einf√ºhrung,
  title={Einf{\"u}hrung in die Differentialrechnung und Integralrechnung},
  author={Landau, E.},
  year={1934},
  publisher={Noordhoff}
}

@book{landau2001differential,
  title={Differential and Integral Calculus},
  author={Landau, E.},
  series={AMS/Chelsea Publication Series},
  year={2001},
  publisher={AMS Chelsea Pub.}
}

@book{fowler2010domain,
  title={Domain-specific languages},
  author={Fowler, Martin},
  year={2010},
  publisher={Pearson Education}
}

@book{levine1992lex,
  title={Lex \& yacc},
  author={Levine, John R and Mason, Tony and Brown, Doug},
  year={1992},
  publisher={"O'Reilly Media, Inc."}
}

@book{sussman2013functional,
  title={Functional Differential Geometry},
  author={Sussman, Gerald Jay and Wisdom, Jack and Farr, Will},
  year={2013},
  publisher={MIT Press}
}

@book{moore2009introduction,
  title={Introduction to interval analysis},
  author={Moore, Ramon E and Kearfott, R Baker and Cloud, Michael J},
  year={2009},
  publisher={Siam}
}

@article{mcilroy1999functional,
  title={Functional pearl: {P}ower series, power serious},
  author={McIlroy, M Douglas},
  journal={J. of Functional Programming},
  volume={9},
  pages={323--335},
  year={1999}
}